<record><leader>00000cas a22000007a 4500</leader><controlfield tag="001">25921524</controlfield><controlfield tag="008">920601u1961uuuutxuuu ne      0    0eng d</controlfield><datafield ind1=" " ind2=" " tag="010"><subfield code="a">sn 92066411 </subfield></datafield><datafield ind1=" " ind2=" " tag="040"><subfield code="a">PPM</subfield><subfield code="b">eng</subfield><subfield code="c">PPM</subfield><subfield code="d">OCLCQ</subfield></datafield><datafield ind1="0" ind2="0" tag="245"><subfield code="a">Alamo Village star.</subfield></datafield><datafield ind1=" " ind2=" " tag="260"><subfield code="a">Brackettville, Tex. :</subfield><subfield code="b">"Happy" Shahan</subfield></datafield><datafield ind1=" " ind2=" " tag="300"><subfield code="a">v.</subfield></datafield><datafield ind1="0" ind2=" " tag="362"><subfield code="a">Vol. 1, no. 1 (May, 1961)-</subfield></datafield><datafield ind1=" " ind2=" " tag="752"><subfield code="a">United States</subfield><subfield code="b">Texas</subfield><subfield code="c">Kinney</subfield><subfield code="d">Brackettville.</subfield></datafield></record>